@book{introtoalgo,
    title={Introduction to algorithms},
    author={Cormen, Thomas H and Leiserson, Charles E and Rivest, Ronald L and Stein, Clifford},
    year={2009},
    publisher={MIT press},
    address={Cambridge, Massachusetts}
}
@book{algs4,
    title={Algorithms},
    author={Sedgewick, Robert and Wayne, Kevin},
    year={2011},
    publisher={Addison-wesley professional}
}
@book{introtoor,
    title={Introduction to Oprational Research},
    author={Cormen, Thomas H and Leiserson, Charles E and Rivest, Ronald L and Stein, Clifford},
    year={2009},
    publisher={MIT press},
    address={Cambridge, Massachusetts}
}
@book{papadimi,
    title={组合最优化：算法和复杂性},
    author={C H Papadimitriou},
    year={2009},
    publisher={清华大学出版社},
    address={北京}
}
@phdthesis{liuyang,
    title={无人机运行安全风险评估与路径规划研究},
    author={刘洋},
    type={J},
    school={BUAA},
    year={2015},
    address={北京}
}
@article{2005coordination,
    author = {McLain, T. W. and Beard, R. W.},
    title = "Coordination Variables, Coordination Functions, and Cooperative-Timing Missions[J]",
    journal = "Journal of Guidance Control and Dynamics",
    volume = "150-161",
    year = 2005
}
@article{chenyan2009,
author = {陈岩},
title = {概率地图 {UAV} 航线规划的改进型蚁群算法},
journal = {系统仿真学报},
year = 2009
}
@article{zhangyi2007j,
    author ={张煜 and 沈成林},
    title = {基于概率地图的军用飞行器航迹规划方法研究},
    journal = {计算机仿真},
    year = {2007},
    type={J}
}
@online{astarredbloggames,
    author={Amit Patel},
    url={https://www.redblobgames.com/pathfinding/a-star/introduction.html},
    year={2016},
    title={Introduction to the {A*} Algorithm}
}
@online{gridsgraph,
    author={Amit Patel},
    url={https://www.redblobgames.com/grids/hexagons/},
    year={2019},
    title={Hexagonal Grids}
}
@online{worldtsp,
    author={William Cook},
    url={http://www.math.uwaterloo.ca/tsp/index.html},
    title={The World TSP},
    year={2019}
}
@article{kopardekar2016unmanned,
    title={Unmanned aircraft system traffic management (UTM) concept of operations},
    author={Kopardekar, Parimal and Rios, Joseph and Prevot, Thomas and Johnson, Marcus and Jung, Jaewoo and Robinson, John E},
    year={2016}
}
@inproceedings{felner2011position,
    title={Position paper: Dijkstra's algorithm versus uniform cost search or a case against dijkstra's algorithm},
    author={Felner, Ariel},
    booktitle={Fourth annual symposium on combinatorial search},
    year={2011}
}
@article{bellman1958routing,
    title={On a routing problem},
    author={Bellman, Richard},
    journal={Quarterly of applied mathematics},
    volume={16},
    number={1},
    pages={87--90},
    year={1958}
}
@article{qureshi2010exact,
    title={Exact solution for the vehicle routing problem with semi soft time windows and its application},
    author={Qureshi, Ali Gul and Taniguchi, Eiichi and Yamada, Tadashi},
    journal={Procedia-Social and Behavioral Sciences},
    volume={2},
    number={3},
    pages={5931--5943},
    year={2010},
    publisher={Elsevier}
}
@article{wang2012genetic,
    title={A genetic algorithm for the simultaneous delivery and pickup problems with time window},
    author={Wang, Hsiao-Fan and Chen, Ying-Yen},
    journal={Computers \& Industrial Engineering},
    volume={62},
    number={1},
    pages={84--95},
    year={2012},
    publisher={Elsevier}
}
@online{tsplib,
    author={Gerhard Reinelt},
    school={Universität Heidelberg},
    title={TSPLIB},
    url={http://comopt.ifi.uni-heidelberg.de/software/TSPLIB95/index.html}
}